@ARTICLE{2023arXiv230402643K,
       author = {{Kirillov}, Alexander and {Mintun}, Eric and {Ravi}, Nikhila and {Mao}, Hanzi and {Rolland}, Chloe and {Gustafson}, Laura and {Xiao}, Tete and {Whitehead}, Spencer and {Berg}, Alexander C. and {Lo}, Wan-Yen and {Doll{\'a}r}, Piotr and {Girshick}, Ross},
        title = "{Segment Anything}",
      journal = {arXiv e-prints},
     keywords = {Computer Science - Computer Vision and Pattern Recognition, Computer Science - Artificial Intelligence, Computer Science - Machine Learning},
         year = 2023,
        month = apr,
          eid = {arXiv:2304.02643},
        pages = {arXiv:2304.02643},
          doi = {10.48550/arXiv.2304.02643},
archivePrefix = {arXiv},
       eprint = {2304.02643},
 primaryClass = {cs.CV},
       adsurl = {https://ui.adsabs.harvard.edu/abs/2023arXiv230402643K},
      adsnote = {Provided by the SAO/NASA Astrophysics Data System}
}

